@INPROCEEDINGS{paper1,
  author={Albawi, Saad and Mohammed, Tareq Abed and Al-Zawi, Saad},
  booktitle={2017 International Conference on Engineering and Technology (ICET)},
  title={Understanding of a Convolutional Neural Network},
  year={2017},
  pages={1-6},
  doi={10.1109/ICEngTechnol.2017.8308186}
}

@article{paper2,
  author    = {Mohammed S. Alshuhri and Sada Ghalib Taher and Ameen Abdulhasan Al{-}Alwany and Herlina Uinarni and Iroda Rasulova and Pedro Rodrigues and Ali T. Alkhafaji and Ahmed M. Alshanberi and Ahmed H. Alawadi and Ali H. Abbas},
  title     = {Artificial intelligence in cancer diagnosis: Opportunities and challenges},
  journal   = {Pathology - Research and Practice},
  volume    = {253},
  pages     = {154996},
  year      = {2024},
  doi       = {10.1016/j.prp.2023.154996},
  url       = {https://doi.org/10.1016/j.prp.2023.154996}
}

@article{paper3,
  author    = {Bhavneet Bhinder and Coryandar Gilvary and Neel S. Madhukar and Olivier Elemento},
  title     = {Artificial Intelligence in Cancer Research and Precision Medicine},
  journal   = {Cancer Discovery},
  volume    = {11},
  number    = {4},
  pages     = {900--915},
  year      = {2021},
  doi       = {10.1158/2159-8290.CD-21-0090},
  url       = {https://doi.org/10.1158/2159-8290.CD-21-0090}
}

@report{educause2021,
  author       = {EDUCAUSE},
  title        = {2021 EDUCAUSE Horizon Report: Teaching and Learning Edition},
  institution  = {EDUCAUSE},
  year         = {2021},
  url          = {https://library.educause.edu/resources/2021/4/2021-educause-horizon-report-teaching-and-learning-edition}
}

@article{king2020,
  author       = {C. G. King and R. W. Guyette and C. Piotrowski},
  title        = {Online Exams and Cheating: An Empirical Analysis of Business Students' Views},
  journal      = {Journal of Educators Online},
  volume       = {6},
  number       = {1},
  pages        = {1--11},
  year         = {2020},
  doi          = {10.9743/JEO.2009.1.5}
}

@misc{ultralytics2023,
  author       = {Ultralytics},
  title        = {YOLOv8: State-of-the-Art Object Detection},
  year         = {2023},
  url          = {https://github.com/ultralytics/ultralytics},
  note         = {Accessed: 2024-01-10}
}

@inproceedings{atoum2017,
  author       = {Yousef Atoum and Liping Chen and Alex X. Liu and Stephen D. H. Hsu and Xiaoming Liu},
  title        = {Automated Online Exam Proctoring},
  booktitle    = {IEEE Transactions on Multimedia},
  volume       = {19},
  number       = {7},
  pages        = {1609--1624},
  year         = {2017},
  doi          = {10.1109/TMM.2017.2656064}
}

@misc{google2023,
  author       = {Google Research},
  title        = {MediaPipe: Cross-platform Machine Learning Solutions},
  year         = {2023},
  url          = {https://google.github.io/mediapipe/},
  note         = {Accessed: 2024-01-10}
}

@inproceedings{lugaresi2019,
  author       = {Camillo Lugaresi and Jiuqiang Tang and Hadon Nash and Chris McClanahan and Esha Uboweja and Michael Hays and Fan Zhang and Chuo-Ling Chang and Ming Guang Yong and Juhyun Lee and Wan-Teh Chang and Wei Hua and Manfred Georg and Matthias Grundmann},
  title        = {MediaPipe: A Framework for Building Perception Pipelines},
  booktitle    = {arXiv preprint arXiv:1906.08172},
  year         = {2019},
  url          = {https://arxiv.org/abs/1906.08172}
}

@misc{webrtc2023,
  author       = {WebRTC Project},
  title        = {WebRTC: Real-Time Communication for the Web},
  year         = {2023},
  url          = {https://webrtc.org/},
  note         = {Accessed: 2024-01-10}
}

@misc{proctoru2022,
  author       = {ProctorU},
  title        = {Online Proctoring Solutions for Educational Institutions},
  year         = {2022},
  url          = {https://www.proctoru.com/},
  note         = {Accessed: 2024-01-10}
}

@article{rauch2016,
  author       = {Jonathan Rauch},
  title        = {Real-Time Communication with WebRTC: Peer-to-Peer in the Browser},
  journal      = {O'Reilly Media},
  year         = {2016},
  isbn         = {978-1-4919-2094-8}
}

@techreport{jones2015,
  author       = {Michael B. Jones and John Bradley and Nat Sakimura},
  title        = {JSON Web Token (JWT)},
  institution  = {Internet Engineering Task Force (IETF)},
  year         = {2015},
  type         = {RFC},
  number       = {7519},
  url          = {https://www.rfc-editor.org/rfc/rfc7519}
}

@misc{gdpr2016,
  author       = {{European Parliament and Council}},
  title        = {General Data Protection Regulation (GDPR)},
  year         = {2016},
  url          = {https://gdpr.eu/},
  note         = {Regulation (EU) 2016/679}
}

@inproceedings{hussein2020,
  author       = {Mohammed J. Hussein and Junayed Mahmud and Shamim H. Riaz},
  title        = {An Automated Proctoring System for Online Examinations},
  booktitle    = {2020 IEEE Region 10 Symposium (TENSYMP)},
  pages        = {1667--1670},
  year         = {2020},
  doi          = {10.1109/TENSYMP50017.2020.9230932}
}

@report{globalmarket2020,
  author       = {Global Market Insights},
  title        = {E-learning Market Size, Industry Analysis Report, 2020-2026},
  institution  = {Global Market Insights},
  year         = {2020},
  url          = {https://www.gminsights.com/industry-analysis/e-learning-market}
}

@report{marketsandmarkets2021,
  author       = {MarketsandMarkets},
  title        = {Online Proctoring Market - Global Forecast to 2026},
  institution  = {MarketsandMarkets},
  year         = {2021},
  url          = {https://www.marketsandmarkets.com/Market-Reports/online-proctoring-market-104543978.html}
}

@article{insidehighered2021,
  author       = {Inside Higher Ed},
  title        = {The State of Online Learning in 2021},
  journal      = {Inside Higher Ed},
  year         = {2021},
  url          = {https://www.insidehighered.com/}
}